1994 2675
127 71 150 125 C
295 63 592 125 rurrosoan-onvrr.
628 90 776 128 rracrrr

127 200 238 257 naturam,
252 184 460 250 praestantissimam
469 185 513 235 effe
521 186 627 252 ‚doceat,
637 206 706 256 quam
716 188 909 253 sublimitatesua,
921 201 944 240 et
954 209 957 212 ’
989 252 991 255 ᾖ

90 259 95 262 ’
128 258 252 307 eminentia
267 256 363 317 infinitis
374 256 500 322 interuallis
513 259 618 323 superare
626 263 689 310 -vir'es
699 261 792 323 nostras,
804 272 895 309 certum
910 260 943 321 sit,

126 330 242 379 humanae
251 339 329 376 tamen
339 344 390 377 eam
400 326 461 377 haud
466 328 604 393 dissimilem,
613 328 654 380 vbi
660 325 765 382 eamdem
770 331 871 381 vidimus
880 329 943 396 paul·

125 400 150 450 lo
160 411 219 461 ante,
230 397 258 448 ab
270 399 354 449 eodem
363 401 530 465 repraesentari,
536 399 643 451 facultate
648 407 718 453 etiam
724 396 831 465 bumana,
836 419 884 451 non
891 413 943 468 pot-

127 473 218 521 estnon
229 470 294 520 aliter
303 471 361 533 fieri,
371 488 440 539 quam
449 476 490 539 qui
500 474 604 523 eamdem
614 479 729 525 metiatur.
740 495 743 508 2
764 468 800 524 Er
807 490 889 523 verum
904 471 942 532 est,
965 531 967 533 Ι

126 541 203 592 homo
212 541 325 602 misellus,
341 546 381 608 qui
396 543 476 592 multis
485 539 558 593 semet
569 543 777 609 rebusinmiscens,
787 544 873 594 laboris
883 541 942 592 mul-

126 625 178 662 tum
187 612 292 674 sustinet,
306 613 514 677 inultumsudoris,
524 618 656 680 anxietatis,
664 617 790 680 molestiae,
802 616 873 676 hunc,
885 614 941 662 dum

126 682 257 747 adgreditur
266 700 315 731 rem
327 682 433 751 aliquam,
443 685 500 734 dum
510 703 561 736 eam
572 701 706 752 promouet,
716 689 793 737 eidem
804 687 880 747 instat,
890 698 942 732 eam

125 765 199 818 urget,
208 754 347 820 exsequitur,
358 755 458 823 denique
468 759 565 821 perficit,
575 762 627 826 quis
637 776 685 810 non
695 760 772 821 videt,
783 773 836 805 cura
847 757 897 804 eius
907 754 941 802 rei

126 825 235 888 distringi,
245 824 374 889 perturbari
384 827 481 891 saepius,
486 829 573 894 saepius
582 829 657 894 pollui
665 828 744 878 multis
749 829 887 887 ministeriis,
892 839 942 872 ver-

124 894 165 957 bo,
176 894 260 963 absque
269 897 433 964 tranquillitate
442 901 522 948 viuere
531 898 540 948 ?
561 903 617 951 Non
626 912 704 949 autern
717 903 762 948 Dei
778 895 906 946 inmenfitas
915 893 950 954 li-,

66 999 69 1001 >
124 969 208 1028 mitari,
218 969 313 1034 eiusque
323 971 427 1033 potentia
437 968 501 1019 caelo
511 970 602 1020 tantum
611 970 698 1020 includi
703 970 784 1036 potest.
794 967 942 1017 nonneenirn

123 1037 229 1101 praesens
241 1038 272 1084 eli
281 1037 350 1086 rebus
359 1037 522 1103 omnibus,per
531 1042 603 1104 ipsam
609 1040 675 1102 adeo,
682 1034 751 1104 quarn
762 1041 859 1094 minime
865 1036 941 1090 eidem
983 1095 987 1099 1

123 1105 228 1167 denegat,
238 1100 415 1167 persedionem,
425 1102 553 1168 Epicurus?
569 1117 600 1164 et,
614 1112 692 1153 nonne
702 1109 733 1153 ita
746 1104 830 1170 absque
841 1102 889 1152 vllo
900 1118 941 1149 ne-

124 1172 290 1241 gotio,ablque
301 1172 345 1222 vlla
357 1190 417 1237 cura,
423 1173 510 1237 labore,
520 1187 543 1224 et
551 1175 679 1239 intelligere
689 1173 774 1236 onmia,
784 1185 807 1222 et
816 1167 942 1239 prouidere
968 1169 977 1203 --'

122 1243 234 1296 omnibus
243 1246 318 1309 potest
328 1242 336 1293 Ρ
354 1249 460 1309 Agnouit
473 1246 681 1310 praestantissimam
691 1249 737 1294 Dei
745 1245 849 1294 naturam
859 1247 942 1311 Epicu·
966 1249 969 1252 ⁴
984 1285 986 1288 .

122 1335 169 1380 rus,
178 1321 302 1382 Deumque
311 1316 363 1364 satis
372 1315 470 1381 intelligi
476 1316 613 1381 haudposse,
623 1319 661 1365 cui
671 1316 761 1365 deficiat
770 1315 881 1382 quaedam
891 1328 942 1379 pet·
951 1318 956 1325 '

122 1387 204 1447 fertio,
214 1386 288 1449 palam
299 1385 412 1446 professus
421 1389 459 1436 est.
478 1391 597 1450 Ceterum,
608 1387 732 1452 prouidere
740 1388 843 1448 mundo,-
851 1398 943 1434 'rerum-

123 1475 170 1525 que
179 1467 273 1503 naturae
283 1450 611 1512 consulere,nonnesummam
620 1452 878 1516 perfestionemspirat?
890 1453 942 1517 quis

122 1525 206 1594 quaeso
215 1523 274 1570 hanc
284 1518 478 1586 inpertissanem
488 1519 581 1575 sorfitan
591 1519 769 1569 existimauerit?
785 1538 864 1570 nonne
871 1523 941 1581 enim,

121 1610 147 1647 vt
161 1598 259 1664 quisque
273 1593 304 1640 eli
315 1594 415 1655 imperio
430 1592 535 1656 dignior,
547 1607 576 1640 eo
585 1593 658 1654 magis
667 1594 737 1640 etiam
752 1592 784 1639 est
795 1589 938 1656 persedior?

122 1675 162 1731 At,
171 1668 218 1727 isla,
229 1668 252 1712 in
263 1663 286 1711 se
296 1663 399 1729 quidem,
408 1660 530 1727 persedio,
541 1674 634 1711 naturae
645 1662 736 1711 diuinae
746 1674 865 1726 repugnat,
876 1678 942 1729 quae,

122 1757 176 1789 eum
188 1736 215 1785 fit
226 1734 359 1795 felicissima,
369 1736 422 1801 quis
431 1733 575 1797 negotiosam
583 1749 645 1795 eam,
658 1736 765 1800 curisque
774 1733 853 1781 multis
863 1734 940 1800 inqui-

108 1835 109 1838 *
122 1823 198 1859 natam
208 1803 302 1854 lecerit?
320 1817 349 1867 at,
360 1804 440 1871 quidni
451 1804 518 1853 liceat
526 1816 629 1853 naturam
639 1803 761 1869 quamdam
766 1803 940 1866 ffirgere,cuius,

109 1892 110 1895 ’
123 1899 177 1931 cunr
183 1880 269 1927 summa
275 1873 391 1938 felicitate,
400 1887 423 1923 et
433 1874 705 1937 beatitate,negotiorum
713 1889 766 1921 cura
777 1874 878 1921 constare
888 1872 940 1937 pos-

121 1951 162 2003 sit?
181 1966 226 2013 ego
236 1945 332 2013 quidem
342 1947 531 2008 existimauerim,
542 1961 600 2013 quae
610 1941 698 2011 vabsque
712 1941 827 1993 felicitatis
838 1945 939 1993 intertri-
953 1994 954 1997 ,
966 1944 968 1946 ’

121 2034 203 2074 mento
212 2017 288 2085 potest
296 2031 376 2066 euram
385 2033 462 2066 rerum
472 2020 579 2068 omnium
589 2031 681 2080 gerere,
696 2031 747 2063 earn
756 2026 860 2064 naturam
869 2013 940 2080 longe

123 2096 165 2143 else
175 2091 370 2157 praestantiorem,
378 2085 596 2154 persedioremque,
601 2085 676 2146 illa‚'id
681 2102 738 2153 quae
747 2088 845 2146 minime
857 2086 938 2149 potest.

111 2169 152 2214 ›Et-
163 2164 220 2212 haec
231 2161 262 2208 est
273 2160 312 2207 ifla
325 2160 360 2206 vis
376 2158 469 2207 diuinae
482 2162 587 2220 naturae,
602 2173 661 2224 quae
670 2174 724 2205 cunr
734 2155 760 2205 fit
768 2154 900 2217 beatissima,
915 2166 939 2203 et

120 2230 318 2303 prouidentiffima
329 2228 372 2278 effe
382 2227 447 2278 simul
457 2228 538 2294 potest.
573 2227 672 2295 Scilicet,
682 2232 759 2277 Deum
769 2225 815 2275 sine
823 2226 938 2289 sapientia,

122 2306 235 2373 potentia,
246 2300 397 2367 bonitateque
408 2300 536 2363 intelligere
546 2302 586 2365 qui
600 2296 731 2364 possumus?
749 2296 765 2346 fi
777 2301 840 2345 Deus
850 2296 938 2360 sapiens

85 2385 96 2393 “’
124 2379 167 2440 est,
177 2374 287 2437 intelligit
296 2374 376 2434 etiam,
387 2370 435 2420 etsi
446 2369 567 2435 intelligit,
576 2371 674 2420 modum
686 2372 767 2429 etiam,
779 2383 825 2435 quo
841 2367 939 2416 admini-

106 2479 108 2482 -
122 2449 184 2498 strati
195 2459 218 2496 et
228 2444 319 2512 possint,
331 2454 354 2491 et
363 2441 461 2492 debeant
470 2460 513 2502 res,
522 2459 570 2493 non
579 2443 675 2507 ignorat,
682 2440 720 2489 sed
728 2454 776 2488 non
785 2449 874 2488 tantum
883 2454 939 2487 con·
983 2455 985 2457 ·

123 2519 248 2584 templatur
257 2533 295 2579 ea,
310 2531 368 2584 quae
381 2514 551 2580 intelligiqsed
561 2531 586 2563 re
596 2514 644 2580 ipsa
653 2510 803 2574 administrat,
819 2526 874 2574 cum
882 2507 938 2588 alio·

882 2595 939 2647 quin
988 2624 990 2627 Α
