1994 2675
359 143 416 176 na.
434 128 570 191 ovasse.
591 143 661 177 nai?
836 117 921 177 CXVI!
990 101 994 109 .

108 233 148 286 nili
157 240 211 304 'earn
222 236 318 302 semper,
329 235 495 301 cogitationem
505 239 648 290 inuolueret:
666 235 728 287 inihi
736 235 816 302 pulcre
831 236 873 297 est,
884 243 922 299 et,

107 324 152 371 ego
161 306 241 357 beatus
251 308 308 356 suin.
329 312 423 374 et,'quae
433 327 462 357 ex
472 325 516 358 vna
526 321 624 372 tantum,
634 321 657 357 et
662 304 804 368 indesinenti,
814 309 838 353 in
847 317 922 367 totam

107 380 276 436 aeternitatem,
286 378 321 425 sui
335 376 402 441 ipfius
416 379 620 444 contemplatione,
629 378 818 444 proficisceretur.
835 374 923 437 largior

107 447 155 497 hoc
167 446 218 509 tibi,
233 446 305 496 multa
315 450 378 496 enim
391 449 455 511 sunt,
471 466 529 517 quae
538 453 562 498 in
576 454 629 499 Deo
639 466 687 500 non
701 460 770 514 potes
784 447 921 509 concipere,

107 534 196 582 necque
204 533 261 565 vero
277 517 388 580 miror,fi
401 522 505 585 quietem
518 532 545 569 tu
558 537 607 580 non
619 520 695 585 pollis.
732 521 816 584 Cogita
830 528 922 576 tamen,

108 584 225 635 adilonern
233 587 310 651 istam,
320 605 350 636 ex
359 605 404 655 qua
414 592 489 639 oritur
504 590 624 656 voluptas,
634 594 667 640 ita
681 589 776 639 demum
785 587 869 636 mutari
883 585 923 633 de..

107 655 175 718 bere,
185 655 201 706 fi
210 655 435 724 facultasa'liquando
446 661 544 727 laniatur,
553 663 769 728 necque'perpetuo
779 654 873 718 adferta,
883 654 924 705 ali-

47 740 51 744 ·’
108 729 174 775 cuius
186 730 220 774 rei
229 727 321 790 gaudio,
331 725 377 777 fine
386 732 562 795 interruptione,
571 734 679 795 tangitur,
688 729 704 780 fi
713 729 815 797 quidem,
824 730 848 776 in
859 724 923 787 cibo,

107 806 132 844 et
142 808 201 860 potu
209 797 334 860 struendo,
344 799 458 865 voluptas,
467 818 509 867 per
518 798 644 864 'satietatem
654 799 767 850 facultatis
776 799 871 859 nostrae,
882 796 923 844 de-

106 864 306 933 finat'aliquando,
316 871 381 934 quod
390 873 489 920 minime
496 873 549 921 sane
562 871 667 921 futurum
679 873 744 933 effet,
756 867 771 919 fi
785 873 881 933 incapax
890 866 924 915 sa·

106 938 212 999 turitatis,
218 938 308 1001 edendi,
314 937 637 1007 bibendiquefacultas,f0ret.
655 947 739 1005 Longe
748 941 813 989 secus
822 939 854 987 est
862 934 924 1001 apud

106 1005 924 1080 intelledunrquicopiarerumcogitationunrqumbundatnumquam,

107 1077 148 1139 qui
157 1084 226 1134 certe,
231 1090 279 1138 quo
287 1078 352 1137 plura
359 1080 408 1135 seit,
415 1095 444 1122 eo
449 1085 522 1137 magis
527 1084 555 1122 ad
560 1083 755 1136 cognostandum,
763 1078 855 1119 alterius
861 1076 923 1119 vires

106 1143 158 1200 suas,
170 1142 281 1204 intendit,
296 1159 438 1210 onmemque
447 1147 652 1207 omninooperam
662 1140 767 1202 adhibet,
777 1152 811 1204 vt,
821 1151 845 1189 et
855 1139 923 1204 plura
943 1175 945 1178 -

106 1212 924 1279 addiscat,etmaioremsempervoluptatemindiespercipiatclmmove-

60 1289 61 1292 ’
106 1300 134 1332 ro
140 1282 293 1332 adhucsecius
298 1283 367 1347 longe
373 1285 404 1332 est
409 1286 469 1348 apud
474 1286 581 1333 diuinum
590 1281 741 1344 intelledium,
751 1284 790 1330 cui
800 1279 922 1334 obiedlum

105 1354 230 1416 infinitum,
242 1353 386 1419 voluptatem
396 1356 483 1419 potest,
491 1358 516 1403 in
526 1372 598 1404 omne
607 1370 702 1416 aeuum,
712 1364 855 1418 perpetuam,
865 1369 921 1401 con·

96 1423 252 1490 ¹tinuamquef,
263 1428 374 1486 excitare,
389 1423 590 1493 persedionesque
604 1429 666 1488 eius,
680 1424 858 1491 earumdemque
869 1439 922 1487 per-

106 1491 185 1553 ceptio
194 1492 312 1547 erremus,
321 1492 459 1546 gaudiorum
469 1499 607 1530 memoriam
617 1493 693 1528 delere
701 1498 828 1546 numquam
837 1493 922 1538 valent.

29 1571 36 1577 “
100 1550 922 1624 'Necque'veroest,cumintelleclumdiuinumcxpertetndicosatietatis

106 1629 157 1688 este,
168 1645 208 1676 cur
213 1629 336 1692 prdpterea
346 1624 455 1674 eumdem
462 1627 514 1686 angi
524 1635 599 1688 putes,
608 1622 672 1683 dum,
682 1622 746 1688 quod
755 1623 870 1672 infinitum
881 1628 920 1689 est,

105 1698 288 1763 contemplatur,
300 1709 323 1746 et
332 1696 368 1759 id,
383 1694 448 1763 quod
455 1692 541 1744 finibus
555 1710 604 1743 non
619 1698 746 1743 coercetur.
764 1694 796 1742 ita
808 1698 871 1744 enim
880 1697 920 1746 de-

105 1787 173 1821 mum
186 1769 307 1818 saturitatis
318 1767 452 1818 deficientia
467 1763 590 1820 conlundia
604 1782 658 1814 etun
674 1779 759 1830 angore
769 1766 811 1829 est,
826 1769 920 1834 quando

105 1845 209 1906 priuatur
218 1839 312 1890 facultas
321 1858 347 1888 re
355 1840 400 1903 sua,
411 1852 435 1888 et
444 1837 546 1904 obiedlo,
556 1842 654 1890 minime
663 1854 727 1900 vero,
738 1838 829 1905 quando
838 1855 864 1887 re
873 1841 922 1904 ipsa

104 1910 190 1963 fruitur
200 1912 296 1971 eodem,
307 1910 347 1966 vbi
356 1915 447 1976 potius,
458 1928 528 1980 quant
537 1913 578 1961 diu
588 1911 633 1960 fine
647 1911 761 1960 saturitate
776 1907 864 1957 studius
876 1911 919 1973 eli,

105 1981 213 2045 voluptas
221 1987 349 2048 numquam
359 1981 443 2031 defurit.
462 1995 496 2046 et,
508 2000 646 2051 quamquam
652 1979 719 2045 ipfius
731 1977 817 2028 obieffi
828 1980 919 2029 adsecu-

104 2054 149 2114 tio,
158 2054 237 2101 vocari
246 2054 323 2116 poffit,
333 2065 359 2101 vt
370 2066 392 2101 et
402 2065 499 2103 vocatur
507 2071 532 2102 re
550 2054 598 2119 ipsa
608 2053 686 2116 vulgo,
696 2050 792 2113 satietas,
806 2069 831 2100 ea
840 2057 919 2100 tamen

105 2125 184 2187 potius
195 2123 225 2174 est
234 2122 346 2186 plenaria,
358 2136 382 2172 et
391 2121 493 2174 abloluta
503 2120 611 2190 undique,
622 2123 717 2183 satietas,
728 2120 744 2171 fi
753 2121 814 2171 haud
823 2121 919 2172 vlterius

105 2194 172 2241 adfici
184 2191 289 2255 facultas,
309 2194 501 2260 voluptatemque
518 2195 650 2258 percipere,
664 2197 710 2242 iam
725 2196 819 2262 poterit,
857 2197 918 2241 Cum

46 2294 48 2296 v
104 2264 183 2325 igitur,
189 2275 219 2326 et,
228 2265 252 2310 in
262 2263 285 2311 se
291 2264 394 2313 infinitus
403 2263 437 2326 fit,
444 2265 535 2313 diuinus
545 2263 682 2327 intelleelu‘s,
691 2274 721 2325 et,
731 2279 767 2311 res
775 2264 874 2312 infinitas
884 2274 919 2311 et-

104 2334 163 2393 iam,
176 2334 199 2380 se
212 2334 286 2399 iplirm
299 2351 394 2398 nempe,
409 2335 504 2403 suasque
516 2333 688 2400 perfcdliones,
698 2335 878 2399 contempletur,
892 2347 918 2384 vt

103 2405 154 2468 capi
162 2403 263 2463 latietate
272 2405 342 2454 huius
348 2407 550 2472 contemplationis
556 2409 630 2472 poffit,
636 2409 685 2456 fieti
695 2422 822 2472 numquam
831 2408 919 2472 potest,

74 2492 77 2497 ’
104 2485 130 2521 vt
138 2472 218 2540 potiris
228 2491 253 2524 ea
263 2475 289 2530 fit
299 2475 395 2529 felicitas
405 2480 459 2530 Deo
468 2479 688 2543 conuenientiffirna,
699 2493 769 2545 quae,
779 2497 833 2529 cum
843 2496 873 2529 ex
884 2482 919 2530 in-

490 2566 492 2569 ’
526 2552 574 2616 1³3
699 2574 701 2577 ·
804 2569 805 2573 ’
856 2557 918 2603 tuitu
