1994 2675
90 88 132 137 CX
353 85 655 142 nnorrka‘rto

92 208 214 267 propterea
223 200 347 267 possibiles,
360 220 433 252 cuma
443 204 520 253 diuina
530 203 734 271 fibi'intelligentia
746 197 918 272 repraesentari?
955 260 957 264 ,
977 243 979 245 -

91 284 136 333 tur.¹
154 272 226 339 Quod
236 271 252 322 fi
261 290 343 321 verum
356 274 394 336 est,
406 286 432 322 vt
440 276 472 323 est
481 276 630 338 verissimum,
641 281 727 337 Deum,
735 294 828 343 nempe,
841 271 915 346 qnam

91 341 254 393 distinsiiffime
263 344 313 394 fieri
322 345 405 410 potest,
415 346 515 396 admixta
524 363 554 396 ne
561 347 679 414 >leuissima
688 348 783 416 quidem
798 348 916 410 confusiof

89 429 127 475 ne,
137 427 177 463 aut
186 413 334 479 obscuritate,
346 420 425 468 omnia
436 419 588 482 cognoscere,
594 430 660 482 patet
673 419 796 469 enimhoc
806 420 910 477 eir-intel-

89 482 163 534 sertus
173 487 247 536 diuini
257 488 404 552 definitione,
414 489 501 539 necesse
513 490 556 551 esi,
566 506 608 555 per
617 488 769 553 distinffionis
778 492 908 550 notionem,

90 566 116 603 vt
126 574 204 606 rerum
214 575 226 608 a
235 560 258 607 se
267 558 368 609 inuicem
379 560 520 624 discrimina,
537 561 675 610 constituere
685 556 762 624 etiarn,
772 554 911 611 determina-

88 641 120 688 re,
131 639 155 675 et
164 646 189 677 ea
199 630 294 696 quidem
303 634 341 694 ita,
351 632 428 696 possit,
433 642 466 694 vt,
475 631 625 697 adsummam
640 649 718 682 earum
733 648 811 681 rerum
819 630 909 692 absolu-

54 750 59 755 ,
89 698 187 762 tionem,
197 700 256 749 nihil
266 696 365 751 omnino
372 702 584 769 vmquamdefi'eiat.
619 707 675 767 Iam,
685 705 810 771 quoniam,
820 704 862 769 qui
869 717 908 751 res

89 769 133 817 ase
141 772 244 820 inuicem
256 773 370 835 discernit,
383 784 406 822 et
416 774 514 838 separat,
525 790 606 822 earum
617 775 665 839 ipse
673 785 751 821 rernm
762 770 804 821 fibi
813 785 837 820 et
851 788 907 820 eon·

87 839 146 889 scius
157 840 190 905 fit,
201 841 248 892 hoc
258 861 314 893 vero
324 846 365 912 qni
377 846 460 909 potest,
470 842 511 893 sabi
522 855 545 893 et
555 843 596 910 ipsr
605 842 643 907 fit,
654 845 754 911 suaeque
767 843 907 903 existentiae,
960 881 962 884 ,

88 912 200 975 conscius,
211 917 289 963 Deum
299 926 322 963 et
331 916 365 963 sui
376 912 495 964 conscium
505 915 556 977 esse,
574 911 685 978 efficitur,
698 914 797 980 suaeque
811 912 907 960 existen-

88 983 139 1044 tiae.
175 983 276 1034 Vlterius
288 985 432 1051 progredior.
456 988 498 1054 qui
512 987 547 1035 sui
560 984 603 1037 fibi
617 986 661 1048 est,
676 1001 802 1050 earumque
821 998 906 1042 rerum,

86 1050 199 1110 conscius,
210 1067 265 1114 quas
276 1065 400 1113 perpetrat,
411 1061 432 1096 is
440 1058 512 1096 semet
521 1058 597 1112 ipsum
607 1056 732 1112 cognoscit.
765 1056 846 1110 Certe,
858 1053 906 1116 ans-

85 1116 139 1169 mus
147 1113 275 1180 humanus,
285 1116 417 1179 sruconscius
426 1116 475 1178 sibi,
485 1116 650 1186 astionumque
659 1120 750 1167 suarum
760 1119 803 1181 est,
813 1119 906 1182 dicitur,

86 1190 110 1240 se
120 1190 265 1254 cognoscere.
304 1191 366 1237 Cum
376 1206 433 1238 vero
443 1192 468 1237 in
482 1188 601 1238 inteisesiu
616 1191 710 1252 diuino,
721 1190 786 1257 quod
796 1189 905 1252 diximus,
915 1246 917 1248 ,

85 1263 262 1328 repraesentatio
272 1277 361 1321 rerum,
371 1258 434 1308 astus
443 1259 483 1319 ille
493 1260 533 1323 sit,
543 1263 584 1329 qui
598 1276 611 1309 a
621 1264 708 1310 virium
719 1261 853 1309 ¹diuinarum
866 1260 905 1308 ad-

86 1333 211 1399 plicatione
220 1334 350 1399 proueniat,
360 1347 444 1399 easque
454 1348 491 1379 res
501 1333 589 1397 separet
600 1349 612 1382 a
621 1332 644 1380 se
655 1332 733 1381 diuina
744 1330 904 1394 intelligentia,

86 1421 219 1469 earumque,
229 1416 253 1451 et
261 1401 301 1451 fibi
309 1400 382 1463 fimus,
393 1401 419 1451 sit
428 1402 526 1465 conseia,
536 1406 687 1452 Deum'cette
697 1402 719 1450 se
731 1402 806 1467 ipsum
817 1419 905 1465 cogno-

85 1475 155 1530 scere,
167 1467 307 1515 veriffimnrn
317 1463 354 1509 est.
370 1467 447 1509 omnis
456 1473 535 1510 antem
542 1466 622 1511 ‘diuina
629 1467 802 1528 'representatio
810 1476 868 1514 cum
876 1467 904 1518 fit

86 1537 254 1608 perfesiiffima,
263 1545 296 1597 vt,
306 1528 469 1598 persesiiffime
479 1536 503 1581 et
512 1533 536 1582 se
545 1534 677 1597 cognoscat,
687 1532 744 1583 hinc
753 1535 858 1608 efficitur.
890 1575 892 1577 .

407 1652 526 1710 ,tv

180 1719 804 1788 11111χὲ1111.111111111111,111111Ιαωηῐηιιηιὶῑσίὴιενῇβῐςηᾴιχὶ
829 1773 831 1787 ξ
869 1736 871 1738 ’
892 1779 895 1783 ’

152 1841 167 1881 n
176 1841 190 1871 a
199 1838 215 1869 v
224 1838 249 1883 s,
260 1817 276 1868 fi
284 1819 307 1866 se
316 1817 392 1882 ipsum
401 1814 701 1880 cognoscit'persefflffime,
713 1816 828 1865 essentiam
837 1818 902 1867 suain

86 1905 111 1945 vt
120 1893 248 1959 perspiciat,
258 1886 340 1937 exinde
350 1887 447 1952 cogitur.
467 1886 547 1952 dicunt
556 1897 634 1935 autem
643 1886 759 1935 essentiam
768 1890 826 1949 Dei,
837 1889 901 1955 quod

85 1981 98 2015 a
110 1966 133 2014 se
142 1963 175 2027 sit,
184 1958 209 2012 et
219 1959 296 2023 eidem
305 1961 355 2007 vim
366 1957 488 2020 astuosam,
496 1957 623 2025 adaequate
632 1954 673 2005 fibi
684 1954 901 2020 omnia‚tseu„m'un-

85 2037 128 2086 dos
138 2050 219 2086 omnes
234 2028 363 2099 possibiles,
378 2028 570 2095 repraesentandi,
584 2026 797 2097 vno,2fimpliciqne
805 2031 901 2095 intuitu,
977 2038 978 2041 ’

86 2100 221 2157 adscribunt.
239 2104 372 2171 Requiritur
382 2101 410 2150 a'd
419 2101 450 2164 id,
457 2101 551 2150 ‹vtsutni
562 2096 666 2164 perfetio
676 2096 738 2148 nulia
746 2100 822 2164 possit,
833 2115 899 2165 quae,
924 2134 928 2141 ,Α
983 2142 986 2143 ⁷

79 2180 280 2246 quotiescumque
292 2172 392 2223 'denium
408 2173 516 2236 repetita,
531 2171 634 2220 diuinam
650 2169 713 2219 iliam
729 2168 898 2235 persefflonem

85 2247 248 2313 metiri'poffit.
284 2249 348 2293 Dum
357 2246 427 2308 igitur
435 2242 552 2292 essentiam
560 2241 898 2305 suantDeusintuetur,⁷videt,

82 2320 108 2370 'se
122 2319 198 2385 ipsum
211 2332 337 2384 perennem
350 2314 412 2363 issam
430 2310 602 2379 perfessionnm
619 2315 724 2377 omnium
739 2310 903 2375 possessionem
954 2308 956 2311 ’
978 2342 981 2348 ·

85 2391 135 2448 esse.
158 2408 199 2456 per
214 2382 329 2439 essentiam
344 2385 407 2436 suam
420 2386 442 2434 se
452 2386 559 2448 existere,
568 2401 617 2433 non
626 2387 723 2448 ignorat.
742 2393 790 2431 non
799 2382 898 2449 potuisse
958 2386 960 2389 ’

84 2462 141 2526 fieri,
150 2475 176 2511 vt
184 2479 232 2512 non
243 2458 320 2523 fuerit,
331 2470 370 2509 aut
377 2461 426 2508 non
436 2456 500 2507 foret
507 2455 636 2526 aliquando.
641 2452 761 2517 adtributa,
771 2464 855 2519 porro,
866 2453 897 2516 se,

83 2549 142 2600 quae
151 2529 315 2598 fiers'possunt,
326 2532 417 2594 omnia,
426 2545 493 2592 vere,
508 2540 532 2578 et
540 2525 672 2593 sinpliciter
681 2524 760 2588 realta,
769 2524 869 2647 habere,s
875 2535 899 2571 et

862 2611 900 2647 isse
