1994 2675
282 54 285 56 ’
345 28 392 96 na.
412 38 552 111 aurora.
575 15 648 95 aar*
797 45 900 98 varrrr

21 160 27 173 ⁷
82 161 249 232 philosophiae.
286 159 404 227 Accepisse
412 163 519 223 Graecos,
529 177 558 210 ex
569 157 627 223 Afi'a,
637 159 675 210 sua
684 155 848 225 philosophiae
857 158 901 205 ini-

82 238 121 298 tia,
131 238 215 299 partim
224 232 252 284 ab
261 234 297 296 iis,
308 235 349 299 qui
358 231 434 282 Asiam
443 249 472 281 ex
481 235 574 282 Graecia
591 231 756 295 concesserant,
770 232 856 296 partim
866 238 901 276 et-

57 339 62 343 ·
82 308 131 361 iam·
138 304 166 354 ab
176 305 222 368 his,
233 307 281 371 qui,
290 302 340 353 Aba
351 301 567 366 terruannorum
579 300 710 353 habitatum
724 312 846 363 venerant,
856 298 900 369 du'.

49 393 51 395 ·
65 394 67 396 ·
82 374 149 424 bium
159 374 257 426 nonest.
292 373 387 424 Subtilis
396 386 475 423 autem
483 377 596 443 quamuiS,
606 386 631 423 et
639 385 712 436 acuta,
723 371 782 421 haec
795 369 898 435 philoso-

81 443 137 510 phia
146 444 224 508 fuerit,
233 445 339 495 eamdem
347 457 427 495 tamen
435 444 464 496 ab
473 447 542 496 initio
551 446 632 509 statim,
644 456 712 511 atque
723 463 736 492 r
747 463 759 491 a
769 461 783 491 a
793 459 808 489 r
818 459 833 489 o
842 457 859 488 n
868 456 897 488 rs

81 513 135 576 suit,
147 525 171 563 et
190 533 228 564 aa
235 534 263 565 rs
274 534 289 565 r
300 534 314 566 o
324 535 338 566 r
348 535 362 567 Ε
372 534 423 579 crs
439 527 519 580 aetate,
531 516 589 567 adeo
600 514 726 582 perfectam
739 511 816 574 fuisse,
826 511 901 559 neuti-

82 586 156 651 quam
165 586 296 650 putandum
305 589 342 636 est.
370 584 496 651 sed5fi0uti
508 586 673 650 barbarorum,
688 584 773 636 eodem
789 580 863 632 modo
878 589 903 627 et

82 655 161 719 ipsam,
169 655 253 705 rudem
260 659 347 722 primo,
357 660 512 725 exiguamque
520 657 593 722 suiffe,
597 661 673 707 immo
683 671 784 717 ver0,ne
793 651 904 714 distingui

82 725 178 791 quidem
193 742 245 776 earn
259 744 273 776 a
287 726 438 784 barbarorum
451 726 519 778 ditas
537 728 647 794 potuisse,
662 728 726 776 credi
741 724 823 791 potest.
848 722 900 789 quis

83 794 154 858 enim,
159 797 251 862 quaeso,
256 798 370 848 summam
375 799 498 865 sapientiae
502 799 601 861 laudem,
610 795 743 858 Proarethm,
749 793 814 845 verbi
819 790 902 855 caussa,

82 863 145 925 Lina,
156 864 248 933 Orphea,
258 869 358 932 Mrffcreo,
368 863 478 938 Tharazyri
483 865 620 934 ,Melarralo,
630 865 754 937 Amphioni,
764 856 900 934 Epimenidi,

49 935 51 938 ”
82 933 143 996 aliis,
153 935 308 986 adscriberet?
331 942 378 1002 aut,
388 944 440 1007 quis
450 944 544 991 Huncin
553 941 624 1002 adeo,
635 938 673 987 vel
686 933 781 999 areston,
791 929 902 983 omnibus

72 1057 76 1065 v.
81 1006 185 1053 numeris
198 1004 325 1056 absolutam
332 1008 516 1075 philosophicae
528 1012 636 1059 scientiae
643 1008 737 1070 laudem
747 996 903 1053 adtribueret?

22 1101 26 1104 -
81 1074 210 1121 notissimae
223 1074 276 1121 sunt
296 1081 397 1123 Homeri
409 1078 507 1123 fabulae.
526 1092 550 1121 at
565 1079 607 1121 hic
618 1081 643 1121 in
657 1079 739 1138 prinus
753 1075 901 1119 scientiarum

82 1144 230 1210 omnium,et
240 1143 370 1205 sapientiae,
379 1142 433 1193 fons
441 1142 584 1192 habebatur!
610 1153 635 1190 et
645 1142 758 1208 quidquid
767 1139 837 1189 nobis
852 1151 903 1186 tan·
927 1172 930 1174 ,

82 1209 136 1258 dem
144 1243 151 1248 ‚
159 1228 327 1274 amnonius,
355 1229 528 1261 roarnrarvs
558 1214 640 1269 etiam,
666 1221 780 1272 ca'rsvs,
806 1209 903 1275 aliique,

53 1335 55 1339 y
81 1277 206 1341 obiiciant,
221 1283 273 1345 qui,
284 1280 393 1345 explicari
403 1282 443 1331 ilia
452 1284 562 1346 figmenta
571 1282 622 1330 statis
629 1280 755 1330 commode
765 1278 836 1344 posse,
846 1294 902 1326 con-

81 1348 212 1410 tenderunt,
221 1348 282 1398 bene
290 1347 456 1414 tamem-millis
462 1351 500 1401 his
509 1350 618 1405 omnibus
627 1348 809 1408 obiesiionibu's,
818 1346 903 1407 fecisse,

82 1416 171 1485 dudum
182 1416 255 1486 ante,
266 1434 278 1464 a
288 1435 301 1463 r
310 1434 325 1464 A
335 1426 374 1465 r'o
384 1435 402 1465 u
410 1435 424 1465 a
431 1435 450 1466 ra
470 1420 616 1484 iudico,1qui
624 1420 759 1465 Homerum
769 1419 867 1465 minime
878 1418 903 1464 in

81 1484 258 1550 rempublicam
267 1489 362 1550 recepit.
379 1488 458 1554 Quam
466 1487 572 1536 absurdas
583 1487 611 1533 de
621 1489 699 1552 quiete
705 1485 836 1551 somnoque
845 1486 903 1534 deo-

81 1573 147 1617 rum,
159 1555 255 1621 sausque
265 1554 341 1622 stultas
352 1560 489 1620 opiniones,
499 1555 538 1605 ille
547 1555 559 1608 ὁ
568 1545 630 1609 uoltu
640 1545 777 1623 nepthalim
792 1557 902 1603 Homerus

80 1624 197 1687 habuerit,
208 1626 259 1673 satis
269 1627 294 1673 in
306 1625 495 1676 antecedentibus
505 1627 625 1693 proposui,
635 1642 707 1693 eaque
717 1626 763 1689 ipsa
771 1641 804 1687 re,
814 1624 902 1687 locum,

82 1706 106 1743 et
115 1706 277 1755 numerum,et
284 1693 409 1762 honorem,
415 1698 564 1762 comparendi
573 1694 903 1758 interphilosophospenit'ua

81 1764 166 1832 eidem,
171 1765 286 1828 omnique
296 1763 395 1814 omnino
405 1781 436 1813 ex
443 1777 516 1829 parte,
523 1765 663 1828 *denegaui².
699 1763 743 1812 Sed
753 1774 776 1812 et
786 1763 846 1812 nihil
855 1779 904 1815 ma-

498 1839 539 1900 13
594 1847 596 1849 ·
853 1850 902 1897 gno

107 1925 132 1966 xl·
142 1925 168 1959 Vt
175 1922 219 1959 fecit
225 1923 255 1958 vir
263 1921 398 1969 eruditissimus,
408 1933 416 1959 1
424 1912 445 1961 o.
460 1913 493 1962 aa
501 1936 507 1962 1
515 1934 537 1964 n.
552 1935 566 1962 R
575 1935 588 1962 Ε
595 1934 603 1961 1
609 1934 626 1961 Μ
634 1933 653 1961 Μ
661 1932 677 1962 Α
684 1932 701 1961 N
707 1933 723 1961 Ν
734 1934 747 1961 v
754 1934 776 1971 s,
789 1937 829 1962 errrn
842 1921 903 1960 erudi·
919 1932 921 1934 ’

51 2013 53 2016 ,
81 1976 132 2012 tione
142 1975 277 2023 Aegyptiorum,
284 1975 310 2009 ita
317 1988 354 2011 non
364 1974 431 2023 desunt,
436 1978 467 2026 qui
477 1978 557 2013 Homero
563 1973 637 2027 primas,
644 1978 665 2012 in
674 1976 723 2013 omni
734 1975 819 2022 domina,
829 1974 911 2012 ardisti:
938 1979 941 1982 “

82 2025 136 2078 plinis
144 2025 232 2069 omnibus,
241 2032 305 2073 partes,
315 2026 417 2063 decernrmt.
444 2029 500 2076 Exstat
509 2030 600 2073 Anonymi
613 2027 666 2074 liber,
675 2041 727 2080 quem
737 2037 748 2064 F
756 2038 769 2064 R
777 2038 793 2064 A
800 2037 816 2063 Ν
824 2036 836 2063 c
846 2037 854 2062 1
864 2036 872 2062 s
880 2035 901 2064 c.
908 2036 913 2039 ’·

82 2088 95 2115 c
105 2088 119 2115 Α
127 2088 137 2113 1.
148 2086 191 2113 ΗΕ
200 2085 214 2113 R
223 2085 279 2122 [VM
290 2077 379 2122 (marianis
387 2078 498 2124 rl'eCassr'rrer)
507 2081 579 2131 quidam
589 2079 659 2124 volunt,
671 2078 727 2124 <confi
735 2078 784 2117 latai
792 2077 813 2116 de
822 2078 840 2116 In
846 2080 902 2116 Fran-

82 2142 106 2177 ee·
112 2128 133 2165 de
144 2128 194 2165 Pan
209 2130 252 2175 1699?
262 2127 308 2164 Tam.
314 2130 344 2166 III.
351 2141 370 2179 p.
380 2135 425 2179 437.)
438 2134 488 2168 cuius
497 2132 559 2169 titulus
566 2134 599 2168 est:
612 2131 686 2184 lastaria
696 2131 777 2183 Patrique
784 2130 805 2168 de
813 2131 832 2168 ln
836 2143 902 2183 guerre

63 2206 66 2208 -
82 2177 206 2234 nozrvelle'mcnt
218 2177 294 2236 declare'e
311 2191 358 2217 entre
369 2182 470 2221 renuncians
478 2195 501 2226 aa
511 2184 533 2220 ser
542 2182 660 2228 arrodernemd
671 2182 783 2236 [infindunt
792 2186 836 2224 rana.
846 2196 867 2219 12.
881 2183 901 2218 in

83 2245 119 2283 quo
129 2232 258 2284 recentioribus
266 2232 368 2276 oracionibus
381 2236 465 2272 omnibus
474 2235 599 2286 praeferuntur
607 2236 726 2285 antiquiores,
734 2239 899 2280 utramontani·

81 2297 135 2332 quam
142 2286 189 2320 inter
197 2282 253 2320 stellas
262 2283 394 2336 minoresluna,
404 2289 476 2325 eminet.
501 2287 542 2325 vide
557 2289 617 2335 etiam,
626 2300 671 2337 quae
680 2287 750 2338 copiose
763 2288 830 2339 saepius
839 2287 898 2332 habet,

81 2335 193 2372 dedocirina
198 2337 285 2385 Homeri,
291 2345 304 2372 Ε
313 2346 327 2372 ν
335 2346 347 2372 Ε
356 2346 369 2372 R
377 2348 393 2375 A
400 2348 414 2374 R
423 2349 445 2377 n.
459 2349 471 2376 F
479 2348 491 2375 Β
502 2350 508 2374 1
519 2349 535 2375 Τ
542 2350 557 2376 Η
566 2352 573 2377 r
581 2351 612 2378 vs
625 2342 645 2376 in
653 2342 738 2391 antiquit.
746 2341 831 2378 Homeric,
840 2340 859 2374 in
868 2347 900 2373 ert.

84 2387 132 2423 Tam.
141 2386 216 2436 VLthefi
226 2387 353 2440 Antiqniaffr.
362 2398 392 2425 rn
400 2399 419 2427 c.
436 2400 471 2427 on
479 2400 557 2430 onon
565 2403 573 2430 1
581 2404 598 2430 1,
614 2401 647 2428 aa
657 2401 690 2428 rm
700 2402 741 2428 nn
749 2403 764 2428 n
772 2402 788 2427 n
796 2401 828 2426 vs
838 2387 901 2426 clariis.

72 2439 100 2478 „ia
108 2437 162 2487 Iliade
168 2440 207 2493 post
214 2441 321 2487 Horrrernn'r,
327 2442 393 2491 paffirn.
404 2450 457 2480 FAB
468 2453 483 2480 R*
489 2454 496 2478 1
503 2453 514 2480 c
522 2455 529 2480 1
537 2455 553 2481 v
562 2456 572 2482 s
581 2443 659 2483 biblioth.
667 2456 728 2495 graec.
739 2442 778 2480 libr.
788 2443 801 2480 Ι.
818 2452 830 2479 1)
839 2453 846 2478 r
857 2451 870 2479 o
878 2452 901 2478 N.

82 2500 95 2529 P
103 2500 115 2530 Ε
123 2501 138 2528 Τ
147 2500 162 2529 A
169 2500 185 2528 V
191 2503 199 2530 1
205 2500 220 2529 V
228 2501 237 2527 S
252 2495 272 2530 in
280 2494 378 2533 rationario
387 2503 457 2543 tempor.
470 2496 490 2537 P.
495 2497 509 2535 L
513 2487 543 2537 sib.
549 2500 563 2537 J,
568 2495 605 2549 'cap‘
610 2498 669 2546 Xlsp.
674 2509 700 2543 41.
713 2503 731 2533 et
740 2494 808 2541 confer,
822 2495 855 2546 qui
864 2494 900 2546 pri·

103 2565 105 2568 ·
420 2555 429 2557 ”
870 2558 900 2584 nro
