1994 2675
370 64 420 126 nn.
440 57 578 140 ortena.
599 89 656 121 oni
877 65 968 128 CXI

112 195 157 245 line
167 190 237 257 gradu
246 190 346 258 quidem.
366 187 506 247 facultatem,
518 184 600 248 agendi
611 185 688 232 omnia
699 199 727 231 ex
738 183 831 229 interno
844 177 929 256 princi-

113 246 929 329 pio,proutidperfedlioneseiusrequirunt,poffidere.promtitudpne‚

45 330 48 334 ¹
113 317 929 396 etiam,conferendialiis,realitates,etperfediiones,gaudere.bonna:

112 418 162 454 tem
168 395 566 466 suam,sapientia5temperatameffe.
584 399 679 463 vimque
687 394 788 454 tandem,
794 386 929 468 conferendi

112 459 929 541 poffibilibusomnibusvexistentiamsehabere.etitaporro.lrrhacing

112 558 151 596 tur
158 544 262 593 ellentiae
272 544 415 606 cognitione,
425 542 510 589 eximia
514 542 614 605 penitus,
620 549 644 587 et
652 532 874 593 consummatiffrma,
880 529 930 576 fieri

112 615 205 680 prorsus
215 615 307 679 nequit,
322 623 353 659 vt>
362 619 411 661 'non
425 610 451 659 fit
462 612 554 659 summe
559 609 646 659 beatus.
672 606 784 674 fiquidem
799 602 874 662 bona,
886 598 930 678 ale

77 714 78 717 =
112 684 168 750 ipse,
178 683 248 745 solus,
260 695 283 730 et
293 683 331 732 ista
341 682 536 749 quidem‘omnia,
547 684 571 729 in
580 680 672 729 summo
682 678 765 743 gradu,
775 672 853 734 habet,
861 669 928 750 srqun

113 757 168 803 dem
177 748 281 811 aeternus
292 753 366 815 solus,
379 765 405 801 'et
414 751 568 814 inmutabilis,
580 763 705 816 naturaque
714 746 773 797 nulli
783 745 930 808 corruptioni

113 822 225 887 obnoxia,
235 825 264 873 de
273 825 330 873 statu
341 819 458 884 deturbari
466 823 508 872 suo
519 838 646 890 numquam
655 819 741 885 potest,
757 833 858 882 necque,
873 825 931 892 quae

114 896 210 945 excedat
220 893 394 962 lorsam-quam
407 897 455 945 iam
468 892 550 957 habet,
566 891 737 958 perfetlionem
750 888 816 938 aliam
832 881 930 948 adipisci.

112 969 175 1014 Cum
185 977 262 1014 autem
271 965 374 1014 hominis
386 964 514 1028 beatitudo,
524 964 642 1030 progreffu
652 980 701 1012 non
706 965 836 1023 interrupto
849 954 878 1004 ad
883 967 931 1030 ma-

110 1037 189 1091 ,iorem
202 1035 292 1095 semper
304 1034 474 1094 persedionem
488 1034 603 1089 consistat,
617 1034 660 1077 hac
673 1030 838 1090 significatione
852 1035 932 1070 venne

50 1123 52 1126 ’
113 1102 173 1167 apud
183 1106 261 1151 Deum
271 1101 311 1149 ista
320 1102 455 1167 neutiquam
463 1100 562 1164 poterit,
572 1101 615 1165 qui·
622 1099 716 1147 maioris
729 1091 880 1160 perfedlionis
896 1107 932 1140 ca·

113 1191 158 1239 pax
168 1170 265 1237 amplius
275 1169 330 1221 'non
345 1171 389 1234 est,
406 1170 445 1219 sed
454 1173 500 1220 iam
515 1168 543 1220 ab
557 1180 651 1220 aeterno
663 1168 763 1217 summas
777 1160 932 1232 perfestion'es

63 1292 66 1294 .
112 1244 258 1309 polleditita,
268 1254 294 1291 vt
304 1241 331 1292 ad
341 1240 466 1306 plenariam
476 1244 525 1292 eius
536 1241 762 1292 consummationem
772 1235 831 1287 nihil
840 1233 932 1300 prorsus

108 1313 230 1370 defecerit.
266 1316 338 1377 Igitur
344 1313 436 1363 vsumma
446 1314 477 1362 est
488 1316 534 1363 Dei
544 1310 672 1376 beatitudo,
682 1309 797 1377 rebusque
808 1308 888 1358 creatis
898 1306 933 1354 in·

113 1390 195 1449 pertin
202 1385 230 1433 de
240 1384 322 1434 eadem
327 1382 491 1435 nihilomnino
501 1384 583 1450 potest.

485 1465 562 1517 avr
591 1469 593 1471 ·

151 1537 236 1586 lsolptm,
243 1533 282 1589 fitia,
290 1533 384 1589 gaudiam,
394 1546 436 1573 num
444 1532 521 1585 adscribi
531 1535 568 1572 Deo
574 1531 637 1585 poffit?
651 1548 693 1574 num
701 1548 723 1574 ex
730 1549 743 1573 a
757 1534 825 1577 efflatam
829 1546 893 1587 genere

433 1584 459 1641 fit
468 1586 517 1641 istud
520 1587 613 1640 gaudiam.

111 1663 113 1665 ’
173 1693 181 1696 .-
194 1674 209 1704 n
219 1672 281 1704 N1n
290 1672 306 1704 v
315 1671 330 1706 s„
341 1652 467 1716 humanus,
481 1650 497 1703 fi
511 1652 667 1719 perfedliones
685 1653 866 1720 contemplatur,
883 1668 933 1702 non
962 1700 964 1702 ,

115 1726 189 1793 potest
200 1743 249 1775 non
257 1725 321 1787 fieri,
334 1727 358 1773 in
370 1726 451 1789 primis
461 1741 531 1786 vero,
540 1723 556 1775 fi
565 1726 655 1774 suarum
665 1723 706 1774 fibi
715 1723 885 1789 perfeetionum
901 1724 932 1772 est

115 1797 264 1859 consciaque
272 1793 392 1860 voluptate
402 1797 487 1844 eximia
493 1795 617 1858 adficiatur,
629 1796 740 1863 sensuque
750 1796 883 1845 earumdem
892 1794 932 1844 de·

115 1865 245 1917 licatiffimo
254 1866 389 1929 mulceatur,
400 1878 423 1914 et
432 1865 559 1915 deliniatur.
596 1867 695 1937 Qando
706 1869 777 1931 igitur
792 1871 894 1927 animm,
908 1869 933 1915 in

116 1940 161 1999 via,
175 1938 204 1984 ad
214 1939 370 2001 interruptum
381 1937 530 2002 progreffum,
540 1941 655 1989 maiorum
660 1938 749 2003 semper
754 1935 932 2003 pmiediionmn,

116 2009 268 2057 constitutum
277 2008 331 2070 lese,
344 2020 367 2056 et
381 2007 489 2071 delatum,
498 2008 571 2072 uidet,
581 2008 629 2059 hoc
639 2011 677 2072 est,
688 2010 779 2076 quando
791 2007 890 2059 >beatum
900 2009 933 2057 sen

116 2090 165 2129 met
174 2077 222 2142 ipse
233 2077 373 2143 conspicit,s1
384 2079 487 2147 adtendit
496 2078 556 2129 bene
565 2080 662 2130 adrhanc
672 2077 813 2146 felicitatem,
818 2079 934 2130 eamdem-

116 2166 162 2215 que
177 2150 292 2211 intuitiue,
304 2160 330 2198 vt
345 2148 376 2199 ita
386 2149 478 2218 loquar,
493 2153 623 2216 cognoscit,
639 2164 665 2200 vt
673 2151 783 2215 gaudium
793 2153 856 2214 inde,
865 2151 933 2202 voln-

115 2230 249 2287 ptatemque
259 2218 361 2282 hauriat,
373 2222 460 2271 necesse
471 2223 508 2272 est.
544 2222 654 2288 Voluptas
666 2240 722 2288 ergo
740 2241 769 2273 ex
778 2222 885 2273 beatitate
900 2223 933 2271 se-

115 2293 201 2357 quitur,
212 2290 272 2355 apud
281 2289 411 2354 hominem,
423 2309 481 2360 quae
491 2297 644 2344 mutationem
649 2307 726 2345 tamen
736 2293 933 2344 conditionissuae

91 2390 94 2394 s
114 2362 218 2428 requirit.
255 2360 328 2412 Aliter
341 2360 411 2426 longe
426 2365 458 2412 est
471 2365 531 2429 apud
542 2368 633 2429 Deum,
645 2369 693 2434 qui,
705 2384 760 2415 cum
768 2366 793 2415 fit
803 2368 880 2430 primo
889 2367 934 2413 im-

93 2496 95 2498 *
115 2429 239 2492 mutabilis,
249 2450 338 2501 necque
347 2450 403 2483 vero
414 2447 438 2483 et
446 2434 495 2485 hoe
504 2437 617 2501 admittit,
627 2450 664 2501 vt,
677 2455 731 2487 cum
741 2437 847 2502 voluptas
857 2434 935 2486 homi-

115 2506 151 2552 nis
162 2505 248 2562 oriatur
259 2504 348 2570 saepius
358 2504 508 2571 exconfufis,
520 2520 543 2558 et
555 2512 615 2559 inter
625 2509 648 2575 sc
659 2507 775 2575 perplexis
789 2507 935 2570 notionibus,

887 2579 935 2644 ipse
