1994 2675
248 126 251 128 ,
301 93 350 131 aa.
368 91 488 124 sonno.
510 71 648 125 naoievn
771 79 885 127 'XXXVil

44 228 48 230 .
64 191 168 256 ⁸virisque
176 186 235 237 bene
244 189 347 249 meritis,
357 186 457 236 et'laude
466 189 525 235 inter
536 186 647 237 mortales
654 186 787 252 infigaibus,
798 187 884 247 nescio,

66 277 138 327 quem
151 258 295 324 peculiarem
312 258 375 324 apud
394 257 499 307 caelestes
514 257 598 308 ,locum
614 259 731 318 addicant,
745 259 784 308 sed
801 274 884 307 omnes

64 333 164 386 omnmo
175 329 296 391 homines,
306 332 353 381 vita
363 325 511 394 perfunslos,
521 329 626 379 Plutonis
637 329 718 393 regna,
728 333 837 396 Iouisque
848 330 883 377 in·

63 398 131 463 serni,
141 399 243 464 subiisse,-
257 411 334 455 'certus
343 401 409 464 sum,
419 402 451 449 ita
467 401 582 450 creditum
597 399 736 451 aveteribus
745 399 819 461 fuisse,
829 416 882 448 nec·

62 465 173 538 que‘illos
183 483 273 521 tantum
282 471 333 522 loca
343 470 432 523 inferna
446 472 584 537 penetrasse,
593 474 634 540 qui
647 474 740 537 flagitiis
750 472 772 520 se
787 468 882 518 manife-

64 542 116 603 slis,
126 540 293 609 sceleribusque
302 542 444 609 polluerant,
459 543 533 593 sedet
547 546 647 593 eximios
662 547 748 609 pietate
762 544 825 593 viros
839 538 881 588 sub

63 613 126 659 Ditis
136 614 272 676 principatu,
284 617 430 681 imperioque
438 613 511 664 fuisse.
547 619 604 665 Duo
616 615 679 665 enim
689 626 752 663 erant
761 613 812 662 loca
821 610 882 676 apud

59 680 158 743 inferos,
170 699 229 731 vnus
238 682 289 746 ille,
304 686 345 751 qui
359 684 474 733 adfluebat
482 685 652 749 voluptatibus,
664 697 688 734 ct
701 685 800 745 deliciis,
811 698 882 749 quem

21 781 23 783 ·
63 750 882 822 piornmanimae,corpoteissoluta'evinculis,postquampurgataeale-

55 820 242 876 uioribusnoxis
248 837 318 888 erant,
326 820 382 893 quas
388 838 555 889 contraxerant,
561 825 630 889 (dicit
637 830 700 875 enim
707 840 852 876 vinortrvs
861 818 882 869 ¹²:

62 893 210 962 qnirqaefiaos
215 897 318 963 patimur
327 899 428 963 mnam)-
443 897 601 947 amoenissime
609 895 730 963 petebant,
741 895 804 956 alter,
813 890 882 941 scele-

60 963 349 1015 stissimorum'homiuum
365 969 531 1017 atrocissimum
543 969 691 1032 ergastulum,
705 971 833 1030 gigantum,
849 964 882 1010 Si-

61 1033 135 1098 syphi,
146 1034 293 1102 Tantalique,
305 1036 457 1104 aliorumque,
467 1040 617 1088 tristissimum
623 1037 778 1098 domicilium,
786 1033 827 1083 vbi
836 1030 882 1081 fine

29 1157 32 1160 Δ
62 1107 141 1168 quiete
150 1108 239 1153 animae
248 1106 296 1152 huc
304 1107 361 1153 illuc
370 1107 520 1165 agitabantur,
526 1123 550 1153 et
560 1127 571 1153 a
582 1107 796 1170 firriis,fiicibrisqrrc
802 1103 881 1150 arden-

61 1171 124 1219 tibus
134 1171 329 1237 excruciabantur.
348 1171 446 1241 Qrod'sr
456 1176 519 1220 enim
529 1173 674 1236 euolauerint
683 1172 784 1221 caelestia
791 1182 882 1219 tantum
932 1208 945 1213 ,

11 1298 14 1302 ⁴
60 1241 113 1290 loca
122 1239 190 1304 lares,
200 1259 289 1308 necque
299 1241 481 1305 Plutonis‘regna
490 1242 613 1306 subierint,
627 1260 678 1309 qua,
688 1244 780 1310 quaeso,
788 1245 882 1290 'ratione

60 1310 131 1373 Plura,
142 1321 200 1376 qvi
209 1331 222 1361 a
232 1330 247 1360 r
257 1331 272 1361 a
282 1331 341 1374 ars,
353 1311 459 1376 adpellari
469 1314 550 1377 posset,
562 1331 616 1363 cum
627 1330 710 1363 omnes
722 1315 821 1363 omnino
831 1314 880 1359 ani-

13 1400 15 1402 ·
60 1397 112 1438 mae
121 1382 149 1430 ad
159 1382 183 1430 id
191 1385 291 1447 imperio
300 1381 374 1447 ipsrus-
379 1381 502 1445 subessent,
516 1396 542 1433 vt
552 1386 656 1450 quietem
669 1382 803 1432 obtinerent
812 1398 882 1430 num-

60 1469 141 1518 quam,
151 1452 189 1500 sed
199 1452 335 1521 angoribus,
346 1451 532 1521 cruciatibusque
543 1456 662 1520 perpetuis
672 1449 823 1502 vexarentur?
841 1451 881 1500 sed

60 1521 187 1590 Quietalis,
197 1522 265 1571 Pluto
275 1526 361 1571 intuitu
374 1525 491 1572 eiusmodi
500 1527 728 1587 generisanirnarum
737 1534 842 1584 vocatur,
850 1523 879 1570 (ie

60 1591 214 1660 quibuscamt
233 1611 268 1642 vr
277 1611 315 1644 an
324 1612 334 1643 1
343 1611 356 1642 a
365 1612 374 1642 1
383 1612 399 1643 v
409 1611 428 1657 s,
445 1592 524 1644 exinde
532 1609 576 1665 per
586 1593 679 1664 arripiam
691 1597 803 1643 mittimur
813 1591 853 1658 aly
862 1609 880 1641 a·

95 1670 96 1673 ’
184 1684 186 1686 ’
420 1703 422 1705 -
448 1670 496 1730 E3
781 1683 783 1685 ·
836 1678 880 1725 uro,

56 1742 125 1785 beatis,
134 1741 215 1779 Plutonis
228 1743 407 1790 imperiombieais,
420 1751 458 1779 tum
474 1742 637 1779 denominationem
648 1739 709 1785 istam,
723 1741 745 1776 de
752 1744 788 1790 qna
800 1739 878 1789 loquor,
890 1738 893 1742 “

62 1802 98 1846 qv
107 1802 134 1828 aa
143 1802 157 1827 Τ
167 1802 181 1828 Α
190 1802 201 1827 L
211 1802 217 1826 1
227 1802 249 1835 s,
263 1803 273 1825 a
287 1801 297 1844 a
306 1801 334 1828 as
344 1801 359 1827 T
368 1801 388 1835 ο,
396 1792 467 1833 Plutoni
477 1791 592 1846 adscriptam,
605 1803 650 1839 quae
659 1798 718 1826 tamen
730 1791 834 1836 transferri,
845 1792 877 1827 nisi

58 1851 163 1893 propterea,
173 1844 192 1878 in
202 1841 284 1879 cumdem
294 1855 331 1878 non
344 1842 410 1891 potest,
424 1842 508 1891 quoniam
520 1843 636 1891 inueniantur
646 1842 677 1877 sub
687 1855 742 1888 regno
756 1843 785 1879 dei
798 1844 877 1887 animae,

52 1896 122 1945 rquibus
132 1896 211 1943 quietern
221 1894 258 1944 ipse
266 1893 348 1938 adferre,
358 1893 462 1943 easdemque
473 1892 528 1930 multa
539 1892 667 1942 tranquillitate
675 1893 753 1931 mulcere
763 1896 875 1945 potest,an

57 1955 117 1982 tamen
127 1945 208 1990 sublato,
217 1944 300 1982 incassum
312 1946 351 1981 sane
362 1954 380 1980 et
389 1944 453 1980 frustra
462 1945 515 1982 hocce
524 1953 644 1992 cognomento
653 1959 684 1981 rex
698 1945 798 1984 inferorum
806 1947 877 1991 insigni-

57 2006 111 2035 retur,
140 1997 194 2041 Qrod
204 1998 252 2033 enim
261 1996 283 2034 ad
291 1996 322 2033 illa
330 1994 467 2048 austorunrlora
476 1997 552 2042 adtinet,
562 2010 606 2046 quae
615 1998 704 2047 principes
718 1998 799 2048 superum
807 1997 876 2033 sedibus

32 2074 34 2076 -
56 2048 141 2093 adscribi,
151 2048 290 2098 eorumdemque
303 2047 374 2087 euolare
387 2050 444 2084 statim
456 2050 522 2085 animas
534 2061 605 2095 magnas
615 2050 723 2094 concedunt,
732 2051 771 2085 sunt
780 2061 806 2093 ea,
815 2049 827 2083 fl
837 2046 876 2083 dili·
914 2050 916 2052 ’

56 2103 126 2148 gentius
135 2100 154 2136 id
164 2100 297 2146 consideramus,
302 2101 332 2138 vel
341 2105 439 2152 postratum,
448 2108 493 2151 quae
504 2101 525 2138 arl
533 2102 607 2139 verbum
614 2100 690 2146 intelligi
698 2101 745 2137 haud
754 2100 825 2145 debent,
835 2114 876 2137 cum

55 2155 96 2203 ipfis
105 2152 181 2189 audendi
191 2151 280 2203 quaelibet
289 2165 345 2203 aeqna
354 2153 422 2203 semper
433 2166 472 2190 cnm
485 2154 582 2204 picioribus
592 2153 666 2202 poteslas
679 2151 745 2198 fuerit,
759 2161 788 2190 aut
796 2152 875 2190 adulato-

55 2217 95 2240 rum
107 2205 156 2249 sunt,
165 2207 224 2251 exigui
234 2204 279 2240 lucri
288 2204 343 2240 caussa
352 2207 371 2240 in
380 2206 454 2241 deorum
465 2210 557 2242 nnmerum
569 2203 651 2240 dominos
661 2204 700 2240 snos
710 2206 835 2250 euehentimn,
845 2212 875 2240 aut
911 2209 913 2211 ’

55 2255 132 2306 deniqne
140 2256 227 2303 aliorum,
241 2256 304 2307 quibus
313 2256 384 2306 publici
393 2258 473 2294 muneris
486 2258 557 2307 adeptio
568 2264 599 2292 aut
612 2257 731 2303 magistratus,
745 2259 800 2293 timor
809 2258 873 2301 etiarn,

30 2340 32 2343 ,
54 2307 89 2344 hoc
98 2310 110 2345 fi
120 2310 178 2354 minus
187 2309 273 2359 facerent,
288 2310 381 2358 putatitiae
395 2310 483 2346 cuiusdam
493 2310 585 2359 superbiae
595 2318 625 2345 ant
638 2310 766 2346 coniurationis
776 2310 795 2344 in
808 2310 874 2358 prinei·

54 2372 105 2408 pem,
115 2371 177 2397 contra
185 2373 264 2399 mentem
272 2359 373 2411 illorumset
384 2364 487 2407 veritatem,
498 2361 586 2398 eiusmodi
597 2360 698 2398 locutiones
708 2362 820 2398 extorserint.
839 2360 874 2396 Sed

54 2409 142 2446 iudicium
151 2414 187 2450 esto
199 2427 253 2464 penes
263 2412 319 2464 ipsunt
338 2423 348 2446 a.
357 2423 364 2447 1
372 2423 384 2450 c
393 2423 408 2450 Η
414 2424 428 2450 T
437 2424 468 2450 art
477 2423 491 2447 v
499 2423 516 2461 m
531 2414 599 2450 menni!
644 2412 646 2414 ’

51 2489 53 2492 ⁴
80 2462 103 2512 k)
116 2463 177 2500 Nemo
186 2468 274 2513 nostrum,
289 2477 317 2504 Vl
325 2474 337 2502 G
344 2476 351 2500 1
359 2475 386 2501 L·1
393 2470 426 2502 'vs
439 2467 473 2511 ait,
483 2465 553 2504 excluso
563 2466 637 2503 omnino
647 2466 728 2509 nemine,
738 2472 774 2500 tam
781 2462 810 2513 pie
820 2465 873 2510 vixit,

53 2522 73 2550 vt
82 2522 168 2559 concreta,
173 2529 195 2553 ex
203 2521 283 2568 corporis
292 2518 404 2563 commercio,
413 2519 462 2564 vitia,
473 2520 540 2568 inpune
550 2518 600 2555 serat.
628 2519 752 2566 Vnnsquisqne
762 2517 829 2565 patitur
839 2530 872 2568 pro

15 2612 18 2617 ἱ
53 2565 84 2603 suo
92 2565 156 2605 scelere
161 2566 250 2620 supplicia,
257 2578 274 2607 et
284 2566 377 2617 tormenta,
383 2568 444 2608 exinde
445 2581 478 2622 per
482 2572 564 2621 arripiunt,
567 2572 632 2622 pergit,
637 2571 726 2608 mittimur
731 2566 807 2623 Elffium.
