1994 2675
104 65 165 112 cxl}
366 57 669 124 u‘aoaaaaro
718 111 721 115 ,

101 174 150 239 ipsc
157 172 249 224 fordran
261 189 361 238 pugnare
372 191 427 224 curn
437 179 553 245 einsnrodi
567 181 722 249 inadaequatis
732 181 871 247 imaginibus
881 185 920 235 de-

103 245 162 294 beat.
198 243 332 294 Dolendunr
341 247 393 297 sane
404 248 442 316 est,
451 250 523 314 ipsam
532 250 676 316 voluptatem
685 256 710 302 in
720 247 811 317 genere,
817 251 919 305 intereas
936 248 938 250 ¹

101 318 211 365 notiones
220 319 347 380 pertinere,
351 334 410 384 quae
420 323 487 369 omni
496 338 526 369 ex
536 334 600 385 parte
611 326 707 372 nrinime
717 324 919 387 definitae,maxi-

103 402 141 435 nra
152 389 232 450 potius
242 385 382 437 obscuritate
391 386 494 440 laborare
511 391 601 444 strenue
617 394 729 445 videntur.
765 399 792 443 In
802 391 918 455 conscien-

102 459 141 519 tia,
152 456 232 520 vulgo,
240 455 417 523 perfeciionunr,
429 461 573 527 voluptatem
583 477 686 529 ponunt,
705 478 729 515 et
737 469 828 530 egregie
838 466 918 523 admo-
942 476 944 480 ’

102 527 167 589 dum,
177 527 249 591 ipsam
257 529 407 593 voluptatem,
417 549 471 581 cunr
483 533 566 596 caussa,
580 536 642 584 vnde
650 536 809 600 proficiscitur,
820 534 918 585 confun*

102 597 167 646 dunt.
184 596 269 647 reillus
277 597 384 663 fenerent,
395 606 442 668 qui,
451 602 627 668 perieffionern,
635 609 720 671 primo,
730 606 821 668 deinde,
830 605 917 654 consci-
975 603 978 606 ⁴

102 670 189 717 entiam
198 667 355 733 persediionis,
365 672 464 736 tandenr
468 691 525 725 vero
534 678 610 741 etiam,
615 677 694 743 ipsam,
704 694 763 744 quae
773 680 846 726 oritur
854 674 916 736 inde,

99 737 259 803 uoluptatem,
273 740 431 816 auiqinuicenr
441 745 604 810 discernerent,
622 748 772 813 eamdemque
779 762 825 810 ,per
835 744 918 794 condi·

100 809 191 858 tionem
205 813 333 877 Cimmerii,
347 818 442 883 statum,
456 819 496 869 seu
509 818 664 881 habilitatem,
678 833 736 885 quae
748 819 864 880 originem
877 814 917 861 de‹

99 896 167 928 mum
175 881 246 944 suam,
255 888 427 957 rationemque,
435 893 460 938 in
470 894 604 954 cognitione
617 886 788 955 persedionum
799 886 916 950 intuitiua,

100 954 201 1016 quaerit,
211 969 361 1018 exponerent.
395 964 428 1009 At
443 963 505 1009 eninr
519 977 587 1019 vero,
600 952 682 1008 ilatum
693 960 739 1019 rei,
749 958 789 1006 seu
800 954 916 1021 conditio-

99 1034 166 1078 nem,
177 1029 323 1087 putruerint,
331 1028 392 1072 dicat
401 1029 494 1086 aliquis,
510 1030 599 1085 modis,
609 1033 651 1088 qui
660 1028 781 1083 reiinsunt,
787 1020 916 1070 contineri?
977 1064 984 1071 ,

98 1086 166 1136 modi
176 1088 254 1149 igitur,
270 1090 382 1154 quonianr
391 1088 474 1150 adeffe,
484 1090 523 1138 sed
533 1089 605 1139 abelle
614 1094 685 1139 etiarn
690 1130 698 1153 ,
708 1088 916 1156 poffunt,1rrutabi-

97 1156 131 1206 les
142 1159 228 1224 quippe
242 1160 267 1206 in
277 1158 313 1220 se,
324 1176 367 1208 nec
377 1156 490 1224 duraturi,
506 1172 584 1226 patere
599 1160 672 1223 vltro,
682 1162 791 1223 eosdem,
806 1177 850 1209 vna
859 1176 915 1208 cunr

96 1229 163 1296 statu,
174 1228 238 1295 quod
247 1232 341 1278 mutatis
351 1233 385 1277 rei
394 1231 477 1293 modis,
486 1235 536 1280 eius
546 1243 569 1280 et
579 1232 646 1280 status
657 1235 790 1293 innrutatnr,
801 1231 881 1279 cadere
889 1232 915 1277 in

97 1301 185 1360 Dennr,
194 1308 219 1345 et
227 1298 344 1348 transferri
353 1317 402 1350 non
412 1301 489 1365 polle?
524 1307 553 1350 Et
561 1300 683 1350 rediiffnne
693 1299 766 1363 dicit,]
773 1304 915 1368 quicumque

96 1366 148 1417 hoc
154 1366 273 1417 obiecerit.
301 1387 391 1438 necque
406 1374 470 1436 eninr
479 1384 582 1438 ternpus,
596 1389 686 1439 necque
695 1372 916 1436 lucceffio,÷necque

96 1442 206 1494 mutatio,
214 1438 307 1494 largior,
317 1440 399 1479 locum
408 1441 515 1481 obtinew
523 1446 548 1480 in
557 1447 611 1481 Dcu
619 1443 717 1496 poliunt.
734 1446 817 1501 porro,
825 1439 915 1483 intelle-

98 1504 192 1553 sturunr
204 1503 324 1550 nerninem
337 1500 387 1563 elle,
397 1499 413 1550 fi
423 1501 567 1567 voluptatem
578 1502 627 1567 ipse
636 1503 741 1561 nondum
752 1505 913 1568 degustauerit,

96 1573 154 1642 quid
162 1572 188 1621 fir
197 1572 237 1620 ista
247 1572 361 1635 conditio,
371 1584 515 1639 quaeortum
524 1574 591 1622 suurn
601 1591 631 1622 ex
644 1578 779 1638 cognitione
788 1572 913 1639 per-ledlio-

96 1662 154 1695 nunr
163 1641 252 1692 trahit?
278 1659 337 1710 quac
350 1643 445 1709 quidenr
459 1641 522 1691 recie
532 1644 556 1692 se
568 1647 647 1693 omnia
656 1643 748 1693 habent.
772 1692 775 1693 γ
785 1648 862 1706 Certe,
871 1644 912 1693 vin

95 1714 204 1782 equidem
214 1712 274 1777 inihi
288 1713 406 1776 auderem,
420 1725 501 1764 notam
512 1717 561 1763 eius
571 1715 639 1763 status
648 1712 744 1777 adferte,
753 1717 778 1764 in
788 1732 836 1782 quo
845 1714 912 1763 volu-

96 1798 146 1851 ptas
156 1787 228 1835 aninri
236 1785 307 1834 nostri
317 1783 415 1833 obtinet.
433 1802 506 1834 vnum
515 1783 614 1848 ridebo,
624 1786 681 1852 quid
692 1784 857 1851 mathematica
863 1801 912 1834 rne-

96 1856 173 1904 thodo
182 1855 273 1920 possam.
290 1855 388 1918 Scilicet,
397 1857 432 1907 rei
441 1856 608 1917 definitionem,
619 1855 784 1914 mathematici,
789 1858 848 1902 inter
853 1854 911 1904 alios

95 1926 193 1985 wodor,
207 1937 231 1973 et
239 1927 271 1973 ita
279 1928 414 1986 inueniunt,
428 1926 520 1993 quando
531 1924 658 1991 conrposrta
668 1928 693 1973 in
700 1936 774 1990 partes
784 1924 834 1975 suas
844 1924 911 1974 diffo-
983 1970 986 1971 γ

35 2043 36 2048 ,
95 1997 169 2047 luunt.
187 1995 248 2045 bene
260 1995 363 2061 quidem,
373 2009 396 2044 et
404 1996 530 2060 eleganter!
540 1998 609 2045 status
618 1999 696 2059 igitur,
707 1997 738 2045 est
748 1996 910 2064 determinatio

95 2067 231 2126 modorum,
241 2064 289 2114 hoc
300 2066 338 2126 est,
349 2068 406 2117 noui
415 2068 481 2116 modi
493 2070 527 2117 rei
538 2067 653 2126 accedant,
663 2066 750 2116 necelle
760 2066 798 2125 est,
808 2077 853 2126 aut,
862 2063 910 2129 ipa

95 2141 137 2204 qui
146 2140 193 2187 iarn
201 2137 288 2198 adsunt,
298 2135 373 2203 aliqua
378 2139 472 2195 ratione
482 2149 607 2187 mutentur.
629 2135 712 2187 finoni
722 2138 789 2204 modi
798 2140 832 2184 tei
847 2151 910 2183 acce-

96 2209 160 2267 dunt,
169 2206 231 2256 reale
241 2206 296 2272 quid
306 2207 400 2266 accedit,
406 2218 451 2266 aut,
459 2205 476 2256 fi
485 2207 562 2267 modi,
573 2210 614 2276 qui
623 2208 710 2268 adsunt,
719 2207 843 2267 mutantur,
852 2207 877 2253 in
882 2221 909 2260 te

95 2278 178 2328 itidem
186 2278 212 2327 fir
223 2279 328 2327 mutatio.
347 2282 399 2345 quis
409 2279 479 2340 eninr,
493 2280 584 2345 quaelo,
592 2282 717 2343 negauerit,
727 2277 795 2334 sarci,
805 2275 869 2344 quod
878 2276 909 2325 est

95 2362 159 2399 extra
169 2350 336 2414 cogitationem
348 2347 455 2414 positunr,
465 2348 586 2412 accesserit,
596 2366 645 2399 non
654 2349 713 2398 reale
723 2347 778 2414 quid
788 2348 919 2395 cidem=ac-«

94 2419 191 2470 cedere?
202 2452 204 2454 v
217 2436 287 2485 crgo,
296 2420 375 2480 status,
386 2418 450 2468 realis
458 2420 498 2478 eli,
508 2422 547 2469 cui
557 2430 624 2470 verae
634 2422 794 2486 proprietates,
803 2430 827 2467 et
839 2416 910 2466 reales
968 2422 971 2424 ’

93 2503 237 2557 competunt.
254 2490 344 2541 realitas
355 2502 441 2552 autern,
450 2493 518 2559 ponit
528 2490 622 2560 aliquid,
628 2502 659 2554 et,
666 2507 696 2540 ex
701 2489 910 2608 magnitudiqerea-
938 2539 941 2544 ,

842 2570 910 2618 nana,
