1994 2675
229 61 633 140 'genoonnrvu
764 70 889 120 '‘'V

5 195 7 197 ’
49 176 278 260 Tmuneillud'aesr
289 181 331 255 iil,
343 170 505 255 Contortula,
520 180 602 255 fateor,
618 201 641 239 et
650 187 771 239 straminea
778 184 846 252 plane
855 174 889 233 ar-

55 298 57 300 -
68 275 188 329 ¹gumenta,
198 263 286 335 quibus.
293 261 333 324 nil,
342 274 432 327 praeter
441 267 527 328 omnia,
536 261 632 312 desuntsl
650 258 751 328 Atquefi
762 257 791 307 de
801 273 890 322 cogno·
931 287 933 290 >

69 336 153 385 scenda
168 331 277 391 vocabuli
284 336 384 397 origine,
394 345 418 383 et
427 335 514 385 nonscle
523 351 556 399 re,
562 331 641 388 ,verbo
651 332 725 381 isthoc
733 328 844 395 infignita,
854 327 889 376 di-

50 421 52 424 ’
71 407 219 472 sputaremus.
240 410 316 472 'atque
324 403 347 468 fi,
360 422 419 474 quae
428 407 629 461 suntcommunia
642 395 701 473 πρός
719 396 752 464 ἓν,
762 397 887 460 vocabula,

48 475 50 478 ’
71 494 120 526 non
130 478 279 526 eminentiori
293 474 373 541 gradu
380 475 452 541 tribui
466 482 531 542 Deo,
546 473 682 528 hominibus
693 490 762 536 vero,
772 469 888 538 rebusque

5 581 7 583 >
71 547 120 595 aliis
128 549 217 608 creatis,
227 546 333 613 inferiori
342 547 419 613 longe,
429 549 524 614 possent.
561 548 641 619 and,
651 549 692 615 qui
703 545 833 608 negauerit‚
848 556 889 589 ve-

62 612 132 681 reor,
141 620 161 665 is
172 633 201 665 ne
211 624 250 666 au't
260 619 317 683 quid
326 617 368 666 fibi
378 621 471 669 tandem
482 619 547 684 velit,
558 619 656 681 nesciat,
665 618 705 667 aut
715 615 805 679 magni,
816 609 888 660 subti-

38 687 42 718 ’ἶ
69 687 152 755 lisque,
162 686 178 737 fi
190 687 236 737 diis
242 687 324 753 placet,
335 688 584 754 disputatoris-laudem
593 688 705 746 adsedet
736 689 789 758 Qaa
798 682 887 747 fruatur

40 826 43 829 ὓ
68 755 130 823 sane,
140 771 181 823 per
190 771 229 808 me·
238 759 301 822 licet,
310 760 487 810 tam‘enucleate
496 760 625 824 disputandi
634 757 751 806 felicitate.

137 865 207 907 ·n>v‘'o
226 857 304 908 autem
317 858 389 910 hodie
403 862 427 910 in
436 863 518 927 primis
534 862 586 911 sunt
598 861 754 910 litteratorum
762 855 888 906 hominum

70 938 166 994 genera,
177 947 279 1000 quorum
290 934 386 998 quique,
395 932 442 982 dici
456 950 504 984 non
514 933 601 1000 potest,
617 948 687 1000 quam
700 927 786 979 infestis
796 927 887 986 animis,

69 1001 235 1067 spumanteque
248 1001 329 1066 'spiritu
345 1010 368 1051 et
383 1003 516 1067 anhelante,
534 1004 590 1054 alter
606 1007 632 1053 in
647 1003 739 1052 alterius
759 998 889 1064 perniciem

67 1070 184 1136 ,calamum
194 1072 311 1135 stringere,
320 1072 427 1131 sermone
436 1076 573 1137 idemtidem
582 1073 687 1127 lacessere
691 1066 702 1135 ,³
706 1079 739 1134 et,
748 1069 764 1120 fi
774 1070 825 1118 fieri
835 1063 887 1131 pos-

69 1141 201 1199 set,'mod0
215 1140 397 1186 abstuliffet.ian1
407 1145 474 1203 plane
481 1136 499 1202 'e-
510 1147 590 1188 medio
601 1161 659 1198 nnus
674 1137 784 1196 alterurn,
798 1135 886 1183 honori

69 1207 118 1268 fibi,
128 1206 260 1272 gloriaeque
271 1206 386 1255 ducerent.
423 1213 540 1268 Praeterea
551 1208 607 1256 hinc
621 1208 652 1269 se,
661 1207 770 1272 suamque
783 1202 888 1265 caussam,

60 1272 164 1345 --quaeuis
174 1288 232 1341 pars,
243 1276 353 1345 consensu
363 1276 493 1328 multorum
502 1276 619 1342 virorum,
634 1278 827 1342 summorumque
835 1272 888 1322 ,hoa

68 1351 161 1413 minum
170 1345 358 1411 austoritatibus,
373 1347 446 1398 veluti
456 1348 570 1412 dejsabula
578 1347 697 1414 graculus,
708 1356 812 1408 exornat,
827 1341 887 1393 mul-

24 1450 26 1453 <
38 1463 40 1465 .
68 1415 153 1486 risque,
163 1416 221 1475 hincv
229 1418 293 1467 illinc
299 1419 416 1487 desumtis,
421 1419 559 1486 rationibus,
564 1431 644 1471 contra
649 1418 742 1468 alteram
747 1434 792 1466 vna
801 1430 888 1473 armare
946 1421 949 1423 ’

51 1499 55 1502 ’
68 1488 109 1538 fibi
120 1489 218 1542 videtur.
254 1488 327 1538 Vnam
338 1486 472 1557 quis'nescit
481 1485 661 1559 philologorum
671 1488 722 1552 esse,
732 1485 887 1553 philosopho-

62 1558 120 1624 rum
131 1559 224 1608 alteram
235 1555 244 1606 Ρ
255 1590 260 1593 ..
269 1559 353 1626 ,Grauis
363 1564 428 1611 annis
438 1562 563 1626 litterator,
574 1561 655 1611 multo'
662 1564 709 1608 iam
718 1556 803 1608 {radius
813 1572 888 1605 mem-

67 1625 597 1701 bralabore,fortunatumse,*suuinquegenus,
607 1631 730 1699 praedicat,
741 1632 783 1696 qui
791 1642 888 1677 omnem

68 1703 166 1751 omnino
181 1699 263 1750 tollere
279 1701 383 1767 emedio
397 1701 540 1768 barbariem,
551 1716 575 1754 et
584 1704 775 1763 Sariir'nitnntmn
790 1714 846 1756 non,
864 1706 887 1743 et

61 1783 134 1825 ,aurea
143 1767 230 1827 saecula
240 1771 350 1813 inducere
360 1772 422 1825 solus
434 1770 509 1829 poffie
562 1768 594 1813 At
606 1762 646 1810 ille
656 1761 724 1824 alter,
736 1762 887 1827 philosophia

65 1835 147 1900 potior
157 1833 196 1895 est,
206 1834 244 1895 ait,
256 1832 318 1897 vitae
327 1829 428 1891 haeeest
439 1830 503 1896 dux,
513 1835 606 1896 virtutis
615 1829 751 1896 indagatrix,
761 1831 888 1898 expultrix-

67 1907 113 1972 que
123 1898 243 1970 vitiorum.
271 1919 316 1969 qua
328 1902 385 1970 quid
398 1902 478 1953 datum
495 1904 527 1953 est
542 1902 675 1969 optabilius,
691 1902 886 1970 praestantiusque

285 1990 290 1993 ’
383 1993 385 1995 ·
434 1982 459 2028 f
495 1974 576 2039 A3‘
820 1990 884 2022 mor-

63 2086 86 2138 b)
99 2087 198 2123 Commune
206 2084 245 2133 πρὸς
253 2084 270 2121 i'r
279 2082 393 2133 vocabulum,
402 2084 634 2134 enius'injscholasticomm
646 2093 761 2137 veterumque
770 2083 837 2123 libellis
845 2086 885 2137 phi-

119 2137 214 2188 losophicis
222 2138 291 2183 mentio
300 2138 404 2189 frequenter
412 2141 499 2186 iniicitur,
513 2141 543 2186 est,
553 2139 623 2190 quando
632 2139 707 2175 verbum
716 2140 773 2185 tribui
782 2139 848 2175 duabus
856 2151 884 2175 re-

119 2192 153 2227 bus
161 2190 224 2239 potest,
233 2189 258 2224 ita
267 2196 332 2234 tamen,
340 2198 360 2227 vt
370 2184 458 2242 competat
472 2193 513 2229 huie
525 2191 611 2241 primario
616 2189 659 2233 ‚illi
669 2204 712 2228 vero
722 2183 797 2228 secundo
806 2190 846 2228 loto
856 2190 885 2226 ad-

118 2242 218 2286 tribuatur,
228 2249 247 2276 vt
256 2241 374 2279 eminentiore
388 2244 443 2290 gradu
455 2246 494 2281 Deo
506 2242 589 2288 adscribi,
604 2241 692 2293 longeque
706 2243 792 2280 inferiore
807 2243 885 2278 homini·

117 2294 150 2342 bns
161 2300 220 2342 queat,
230 2291 313 2342 quorsum
321 2292 402 2331 referunt
409 2303 476 2332 tantum
485 2309 522 2332 non
530 2297 591 2332 omnia
598 2296 632 2331 Dei
640 2295 734 2340 adtributa,
740 2295 848 2345 sapientiam,
857 2295 885 2329 iu·
939 2303 944 2306 ·

118 2346 190 2390 stiriam,
202 2346 263 2390 vitam,
271 2342 362 2381 scientiam
371 2354 389 2382 et
398 2346 541 2394 intelligentiam,
550 2348 655 2398 potentiam,
669 2355 687 2383 et
696 2347 739 2397 quid
748 2361 784 2383 non
794 2349 801 2381 ζ
816 2358 883 2395 necque

118 2396 175 2446 ipsum
182 2396 279 2434 'ensdicunt
290 2403 379 2433 exemtnm
389 2399 411 2434 ab
421 2400 447 2435 his
457 2397 544 2437 limitibus
553 2400 587 2437 esse
597 2398 650 2449 posse.
677 2400 724 2435 Hinc
733 2411 755 2434 ne
765 2397 885 2448 definiriqui-

18 2477 21 2479 .
95 2495 96 2498 Ἴ
121 2448 171 2485 deni.
182 2450 264 2497 quamuis
277 2448 361 2495 describi,
370 2452 536 2500 pittarrt,.eiusmodi
545 2465 596 2490 voces
606 2450 660 2502 polle,
669 2464 714 2498 cnm,
723 2452 769 2486 circa
780 2458 835 2500 quam
845 2463 885 2486 rem

118 2498 215 2545 versantur,
224 2500 309 2548 eamdem,
319 2501 510 2554 exiffimant,eorrllitui
518 2505 559 2544 satis
567 2505 648 2557 nequire,
657 2516 679 2540 ne
686 2502 726 2557 ipso
736 2503 809 2555 quidem
822 2503 885 2555 qnietis·

56 2586 59 2589 ,
117 2549 204 2589 vocabulo
213 2561 294 2604 excepto.
383 2563 385 2565 ’
474 2553 491 2556 ”
747 2558 756 2561 ''
